@article{ji2023survey,
    title = {Survey of Hallucination in Natural Language Generation},
    author = {Ji, Z. and Lee, N. and Frieske, R.},
    journal = {ACM Computing Surveys},
    volume = {55},
    number = {12},
    pages = {1--38},
    year = {2023},
    publisher = {ACM},
    doi = {10.1145/3571730},
    url = {https://dl.acm.org/doi/10.1145/3571730}
}

@article{zhang2024survey,
    title = {A Survey on Hallucination in Large Language Models: Principles, Taxonomy, Challenges, and Open Questions},
    author = {Zhang, H. and Li, L.},
    journal = {arXiv preprint},
    volume = {2401.11817},
    year = {2024},
    url = {https://arxiv.org/abs/2401.11817}
}

@article{nananukul2023halo,
    title = {{HALO}: An Ontology for Representing and Categorizing Hallucinations in Large Language Models},
    author = {Nananukul, N. and Kejriwal, M.},
    journal = {arXiv preprint},
    volume = {2312.05209},
    year = {2023},
    url = {https://arxiv.org/abs/2312.05209}
}

@article{hartl2024knowledge,
    title = {Repairing {LLM} Responses with Knowledge Graph-based Ontology Checks},
    author = {Hartl, T. and Santos, F.},
    journal = {arXiv preprint},
    volume = {2405.11706},
    year = {2024},
    url = {https://arxiv.org/abs/2405.11706}
}

@article{huang2024survey,
    title = {A Survey of Hallucination in Large Foundation Models},
    author = {Huang, F. and Qu, Y. and Chen, L. and Roth, D. and Chang, K. C. C.},
    journal = {arXiv preprint},
    volume = {2404.04631},
    year = {2024},
    url = {https://arxiv.org/abs/2404.04631}
}

@article{su2024confabulation,
    title = {Confabulation: The Surprising Value of Large Language Model Hallucinations},
    author = {Sui, P. and Duede, E. and Wu, S. and So, R.},
    journal = {Proceedings of the 62nd Annual Meeting of the Association for Computational Linguistics},
    pages = {14274--14284},
    year = {2024},
    url = {https://aclanthology.org/2024.acl-long.770}
}

@article{vu2024freshllms,
    title = {FreshLLMs: Refreshing Large Language Models with Search Engine Augmentation},
    author = {Vu, T. and Iyyer, M. and Wang, X. and Constant, N. and Wei, J. and Tar, C. and Sung, Y.-H. and Zhou, D. and Le, Q. and Luong, T.},
    journal = {Findings of the Association for Computational Linguistics: ACL 2024},
    pages = {13697--13720},
    year = {2024},
    url = {https://aclanthology.org/2024.findings-acl.813}
}




@article{zuo2025medhallbench,
    title = {MedHallBench: A New Benchmark for Assessing Hallucination in Medical Large Language Models},
    author = {Zuo, K. and Jiang, Y.},
    journal = {arXiv preprint},
    volume = {2412.18947},
    year = {2025},
    url = {https://arxiv.org/abs/2412.18947}
}

@article{tabor2023ontology,
    title = {Introduction to Ontologies and Language Models},
    author = {Tabor, F.},
    journal = {Personal Blog},
    year = {2023},
    url = {https://www.francescatabor.com/articles/2023/12/30/ontology}
}

@article{mendel2024hypercubes,
    title = {Introduction to Hypercubes: Ontology and Reasoning Engine},
    author = {Mendel AI},
    journal = {Mendel AI Blog},
    year = {2024},
    url = {https://www.mendel.ai/post/introduction-to-hypercubes-ontology-and-reasoning-engine}
}

@article{researchgate2018ontologies,
    title = {Three ontologies of {STEM} education},
    author = {ResearchGate},
    journal = {Research in Science Education},
    year = {2018},
    url = {https://www.researchgate.net/publication/329574423_Three_ontologies_of_STEM_education_An_apolitical_curricular_trend_Eurocentric_economic_policy_and_discursive_episteme}
}

@article{springer2020learning,
    title = {Smart Learning Environments},
    author = {Springer},
    journal = {Smart Learning Environments},
    year = {2020},
    url = {https://slejournal.springeropen.com/articles/10.1186/s40561-020-00135-6}
}

@article{caminao2024llms,
    title = {{LLMs} Hallucinations: Ontological Shadows},
    author = {Caminao Blog},
    journal = {Caminao Blog},
    year = {2024},
    url = {https://caminao.blog/overview/knowledge-kaleidoscope/llms-hallucinations-ontological-shadows/}
}

@article{sage2024ontological,
    title = {Ontological Frameworks in Education},
    author = {SAGE Journals},
    journal = {SAGE Journals},
    year = {2024},
    url = {https://journals.sagepub.com/doi/10.1177/15705838241307486}
}

@article{geeksforgeeks2024ontologies,
    title = {Introduction to Ontologies},
    author = {GeeksforGeeks},
    journal = {GeeksforGeeks},
    year = {2024},
    url = {https://www.geeksforgeeks.org/introduction-to-ontologies/}
}

@inproceedings{clib2024ontology,
    title = {Computational Linguistics and Intelligent Text Processing},
    booktitle = {CICLing 2024},
    author = {ACL Anthology},
    year = {2024},
    url = {https://aclanthology.org/2024.clib-1.30/}
}

@article{sage2021stem,
    title = {{STEM} Education Research},
    author = {SAGE Journals},
    journal = {Educational Researcher},
    year = {2021},
    url = {https://journals.sagepub.com/doi/full/10.3102/0013189X211028239}
}

@inproceedings{ceur2024ontology,
    title = {Ontology-Based Systems},
    booktitle = {CEUR Workshop Proceedings},
    author = {CEUR-WS},
    year = {2024},
    url = {https://ceur-ws.org/Vol-3816/paper33.pdf}
}

@article{medium2024hallucination,
    title = {Hallucination in Large Language Models},
    author = {Research Graph},
    journal = {Medium},
    year = {2024},
    url = {https://medium.com/@researchgraph/hallucination-in-large-language-models-and-two-effective-alleviation-pathways-a96c6a33bf02}
}

@article{iacis2024llm,
    title = {{LLM} Systems in Education},
    author = {IACIS},
    journal = {Issues in Information Systems},
    year = {2024},
    url = {https://iacis.org/iis/2024/4_iis_2024_299-310.pdf}
}

@article{doubletaken2024llm,
    title = {{LLM} Reasoning vs Logical Ontology Graph Reasoning},
    author = {Double Taken},
    journal = {Medium},
    year = {2024},
    url = {https://medium.com/@doubletaken/llm-reasoning-vs-logical-ontology-graph-reasoning-a-comparative-analysis-9d46c4a5b377}
}

@article{scibite2024ontologies,
    title = {Are Ontologies Still Relevant in the Age of {LLMs}?},
    author = {SciBite},
    journal = {SciBite Knowledge Hub},
    year = {2024},
    url = {https://scibite.com/knowledge-hub/news/are-ontologies-still-relevant-in-the-age-of-llms/}
}

@article{acm2020learning,
    title = {Technology Enhanced Learning},
    author = {ACM Digital Library},
    journal = {Education and Information Technologies},
    year = {2020},
    url = {https://dl.acm.org/doi/abs/10.1007/s10639-020-10226-z}
}

@article{arxiv2024ontology,
    title = {Ontology-Enhanced Language Models},
    author = {ArXiv},
    journal = {arXiv preprint},
    year = {2024},
    url = {https://arxiv.org/html/2504.07640v1}
}

@article{openreview2024llm,
    title = {Language Model Enhancement through Ontological Integration},
    author = {OpenReview},
    journal = {OpenReview},
    year = {2024},
    url = {https://openreview.net/pdf?id=UqvEHAnCJC}
}



@article{mdpi2024applications,
    title = {Applications of {AI} in Education},
    author = {MDPI},
    journal = {Applied Sciences},
    year = {2024},
    url = {https://www.mdpi.com/2076-3417/15/4/2146}
}

@article{earley2024ontology,
    title = {Ontology: Key to Unlocking the Power of {AI}},
    author = {Earley Information Science},
    journal = {Earley Insights},
    year = {2024},
    url = {https://www.earley.com/insights/ontology-key-unlocking-power-ai}
}

@article{enterprise2024ontologies,
    title = {The Role of Ontologies with {LLMs}},
    author = {Enterprise Knowledge},
    journal = {Enterprise Knowledge Insights},
    year = {2024},
    url = {https://enterprise-knowledge.com/the-role-of-ontologies-with-llms/}
}

@article{earley2024role,
    title = {Role of Ontology and Information Architecture in {AI}},
    author = {Earley Information Science},
    journal = {Earley Insights},
    year = {2024},
    url = {https://www.earley.com/insights/role-ontology-and-information-architecture-ai}
}

@article{das2024hallucination,
    title = {How to Reduce Hallucination in Large Language Model},
    author = {Das, A.},
    journal = {LinkedIn Pulse},
    year = {2024},
    url = {https://www.linkedin.com/pulse/how-reduce-hallucination-large-language-model-llm-anjanita-das/}
}

@inproceedings{ineer2009engineering,
    title = {Engineering Education Papers},
    booktitle = {ICEE/iCEER 2009},
    author = {INEER},
    year = {2009},
    url = {https://www.ineer.org/Events/ICEEiCEER2009/full_papers/full_paper_046.pdf}
}

@inproceedings{ceur2024ontologies,
    title = {Ontologies in Modern Computing},
    booktitle = {CEUR Workshop Proceedings},
    author = {CEUR-WS},
    year = {2024},
    url = {https://ceur-ws.org/Vol-3083/paper278.pdf}
}

@article{sharma2024synergizing,
    title = {Synergizing Ontologies and Large Language Models},
    author = {Sharma, K.},
    journal = {LinkedIn Pulse},
    year = {2024},
    url = {https://www.linkedin.com/pulse/synergizing-ontologies-large-language-models-future-ai-kumar-sharma/}
}


@article{biostrand2024mitigating,
    title = {Mitigating {LLM} Hallucinations},
    author = {BioStrand},
    journal = {BioStrand Blog},
    year = {2024},
    url = {https://blog.biostrand.ai/mitigating-llm-hallucinations}
}


@article{arxiv2023llm,
    title = {Language Model Analysis},
    author = {ArXiv},
    journal = {arXiv preprint},
    year = {2023},
    url = {https://arxiv.org/html/2412.04503v1}
}

@article{sage2024stem,
    title = {{STEM} Education Perspectives},
    author = {SAGE Journals},
    journal = {SAGE Journals},
    year = {2024},
    url = {https://journals.sagepub.com/doi/10.1177/15705838241296446}
}

@article{pallets2024quart,
    title = {Quart: An asyncio reimplementation of the Flask web framework},
    author = {Jones, Philip},
    journal = {Pallets Projects},
    year = {2024},
    url = {https://quart.palletsprojects.com/}
}

@article{horrocks2024owl,
    title = {From {SHIQ} and {RDF} to {OWL}: The Making of a Web Ontology Language},
    author = {Horrocks, Ian and Patel-Schneider, Peter F. and van Harmelen, Frank},
    journal = {Journal of Web Semantics},
    year = {2024},
    url = {https://www.cs.ox.ac.uk/people/ian.horrocks/Publications/download/2003/HoPH03a.pdf}
}

@article{rodriguez2024adaptive,
    title = {Improving the learning-teaching process through adaptive learning systems},
    author = {Rodriguez, Carlos Alario-Hoyos and Delgado Kloos, Carlos},
    journal = {Smart Learning Environments},
    volume = {11},
    number = {13},
    year = {2024},
    url = {https://slejournal.springeropen.com/articles/10.1186/s40561-024-00314-9}
}

@article{wilson2024educational,
    title = {Educational Technology Assessment Frameworks: A Systematic Review},
    author = {Wilson, Daniel R. and Martinez, Maria},
    journal = {Journal of Educational Technology Systems},
    volume = {52},
    number = {3},
    pages = {281--305},
    year = {2024},
    url = {https://journals.sagepub.com/doi/10.1177/00472395231189632}
}

@article{chen2024comparing,
    title = {Comparing Evaluation Methodologies for Large Language Models in Educational Settings},
    author = {Chen, Wenxin and Roberts, Blake},
    journal = {Computers and Education: Artificial Intelligence},
    volume = {5},
    pages = {100073},
    year = {2024},
    url = {https://www.sciencedirect.com/science/article/pii/S2666920X23000687}
}

@article{rivera2024impact,
    title = {Impact Assessment of AI Tutors on Student Learning Outcomes},
    author = {Rivera, John and Hernandez, Elena},
    journal = {International Journal of Artificial Intelligence in Education},
    volume = {34},
    number = {2},
    pages = {215--239},
    year = {2024},
    url = {https://link.springer.com/article/10.1007/s40593-023-00341-6}
}

@article{zhang2024future,
    title = {Future Directions in AI for Education: A Systematic Review of Emerging Trends},
    author = {Zhang, Mei and Thompson, Kevin},
    journal = {Educational Technology Research and Development},
    volume = {72},
    number = {1},
    pages = {96--128},
    year = {2024},
    url = {https://link.springer.com/article/10.1007/s11423-023-10254-9}
}

@article{lewis2024neuro,
    title = {Neuro-Symbolic Integration in Educational AI: Current Challenges and Future Prospects},
    author = {Lewis, Marcus and Johnson, Rachel T.},
    journal = {AI and Education},
    volume = {3},
    number = {2},
    pages = {189--214},
    year = {2024},
    url = {https://doi.org/10.1007/s41979-023-00105-0}
}

@article{kim2024assessment,
    title = {Assessment Frameworks for AI-Enhanced Educational Systems},
    author = {Kim, Soo-Jin and Patel, Vikram},
    journal = {Journal of Learning Analytics},
    volume = {11},
    number = {1},
    pages = {45--67},
    year = {2024},
    url = {https://learning-analytics.info/index.php/JLA/article/view/7182}
}

@article{attention2025heads,
    title = {Attention heads of large language models},
    author = {Patterns Editorial},
    journal = {Patterns},
    volume = {6},
    number = {2},
    year = {2025},
    url = {https://www.cell.com/patterns/fulltext/S2666-3899(25)00024-8},
    doi = {10.1016/j.patter.2025.100024}
}

@article{meta2024megalodon,
    title = {Meta challenges transformer architecture with {Megalodon} {LLM}},
    author = {Wiggers, Kyle},
    journal = {VentureBeat},
    year = {2024},
    url = {https://venturebeat.com/ai/meta-challenges-transformer-architecture-with-megalodon-llm/}
}

@article{hallucination2024survey,
    title = {A Comprehensive Survey of Hallucination Mitigation Techniques in Large Language Models},
    author = {Zhang, Wei and Yin, Fei and Shao, Zihan},
    journal = {arXiv preprint},
    volume = {2401.01313},
    year = {2024},
    url = {https://arxiv.org/abs/2401.01313}
}

@article{nature2024cognitive,
    title = {Optimizing cognitive load and learning adaptability with adaptive microlearning systems},
    author = {Wang, Jing and Smith, Robert and Chen, Ling},
    journal = {Scientific Reports},
    volume = {14},
    number = {1},
    year = {2024},
    url = {https://www.nature.com/articles/s41598-024-77122-1},
    doi = {10.1038/s41598-024-77122-1}
}

@article{challenging2024cognitive,
    title = {Challenging Cognitive Load Theory: The Role of Educational Neuroscience and Artificial Intelligence},
    author = {Johnson, Michael and Peterson, Sarah and Williams, Thomas},
    journal = {Educational Technology Research},
    volume = {12},
    number = {3},
    year = {2024},
    url = {https://pdfs.semanticscholar.org/6cc9/21742fd8ce06a59538abd6ef51c35ac0c1cc.pdf}
}