@article{JS06,
  author = {John Smith},
  title = {A Sample Article},
  journal = {Journal of Examples},
  year = {2006},
  volume = {1},
  number = {1},
  pages = {1-10}
}